@inproceedings{WatanabeG20,
  author       = {Kento Watanabe and
                  Masataka Goto},
  editor       = {Julie Cumming and
                  Jin Ha Lee and
                  Brian McFee and
                  Markus Schedl and
                  Johanna Devaney and
                  Cory McKay and
                  Eva Zangerle and
                  Timothy de Reuse},
  title        = {A Chorus-Section Detection Method for Lyrics Text},
  booktitle    = {Proceedings of the 21th International Society for Music Information
                  Retrieval Conference, {ISMIR} 2020, Montreal, Canada, October 11-16,
                  2020},
  pages        = {351--359},
  year         = {2020},
  url          = {http://archives.ismir.net/ismir2020/paper/000088.pdf},
  timestamp    = {Mon, 19 Jul 2021 15:30:03 +0200},
  biburl       = {https://dblp.org/rec/conf/ismir/WatanabeG20.bib},
  bibsource    = {dblp computer science bibliography, https://dblp.org}
}

@article{DeepChorus,
  author       = {Qiqi He and
                  Xiaoheng Sun and
                  Yi Yu and
                  Wei Li},
  title        = {{DEEPCHORUS:} {A} Hybrid Model of Multi-scale Convolution and Self-attention
                  for Chorus Detection},
  journal      = {CoRR},
  volume       = {abs/2202.06338},
  year         = {2022},
  url          = {https://arxiv.org/abs/2202.06338},
  eprinttype    = {arXiv},
  eprint       = {2202.06338},
  timestamp    = {Tue, 01 Mar 2022 14:36:22 +0100},
  biburl       = {https://dblp.org/rec/journals/corr/abs-2202-06338.bib},
  bibsource    = {dblp computer science bibliography, https://dblp.org}
}